@Book{Cohen04,
  author =       "Michael Cohen",
  title =        "Voice User Interface Design",
  publisher =    "Addison-Wesley",
  year =         "2004"
}